@phdthesis{vitek2007skladove,
  title={Skladov{\'e} hospod{\'a}{\v{r}}stv{\'\i} konkr{\'e}tn{\'\i}ho podniku},
  author={V{\'I}TEK, Milan},
  year={2007},
  school={Masarykova univerzita, Ekonomicko-spr{\'a}vn{\'\i} fakulta}
}

@article{chow2006design,
  title={Design of a RFID case-based resource management system for warehouse operations},
  author={Chow, Harry KH and Choy, King Lun and Lee, WB and Lau, KC},
  journal={Expert systems with applications},
  volume={30},
  number={4},
  pages={561--576},
  year={2006},
  publisher={Elsevier}
}

@article{qiu2015physical,
  title={Physical assets and service sharing for IoT-enabled Supply Hub in Industrial Park (SHIP)},
  author={Qiu, Xuan and Luo, Hao and Xu, Gangyan and Zhong, Runyang and Huang, George Q},
  journal={International Journal of Production Economics},
  volume={159},
  pages={4--15},
  year={2015},
  publisher={Elsevier}
}

@phdthesis{dolevcek2010identifikace,
  title={Identifikace v informa{\v{c}}n{\'\i}ch syst{\'e}mech (RFID)-radiofrekven{\v{c}}n{\'\i} identifikace},
  author={Dole{\v{c}}ek, Josef},
  year={2010},
  school={Bankovn{\'\i} institut vysok{\'a} {\v{s}}kola}
}


@mastersthesis{hron2014skladovy,
  title={Skladov{\'y} syst{\'e}m pro obalovny {\v{z}}ivi{\v{c}}n{\'y}ch sm{\v{e}}s{\'\i}},
  author={Hron, Martin},
  year={2014},
  school={Z{\'a}pado{\v{c}}esk{\'a} univerzita v Plzni}
}