@phdthesis{vitek2007skladove,
  title={Skladov{\'e} hospod{\'a}{\v{r}}stv{\'\i} konkr{\'e}tn{\'\i}ho podniku},
  author={V{\'I}TEK, Milan},
  year={2007},
  school={Masarykova univerzita, Ekonomicko-spr{\'a}vn{\'\i} fakulta}
}

@article{chow2006design,
  title={Design of a RFID case-based resource management system for warehouse operations},
  author={Chow, Harry KH and Choy, King Lun and Lee, WB and Lau, KC},
  journal={Expert systems with applications},
  volume={30},
  number={4},
  pages={561--576},
  year={2006},
  publisher={Elsevier}
}

@phdthesis{dolevcek2010identifikace,
  title={Identifikace v informa{\v{c}}n{\'\i}ch syst{\'e}mech (RFID)-radiofrekven{\v{c}}n{\'\i} identifikace},
  author={Dole{\v{c}}ek, Josef},
  year={2010},
  school={Bankovn{\'\i} institut vysok{\'a} {\v{s}}kola}
}

@mastersthesis{hron2014skladovy,
  title={Skladov{\'y} syst{\'e}m pro obalovny {\v{z}}ivi{\v{c}}n{\'y}ch sm{\v{e}}s{\'\i}},
  author={Hron, Martin},
  year={2014},
  school={Z{\'a}pado{\v{c}}esk{\'a} univerzita v Plzni}
}

@phdthesis{houvzvivcka2012aplikace,
  title={Aplikace NoSQL datab{\'a}z{\'\i}},
  author={HOU{\v{Z}}VI{\v{C}}KA, Tom{\'a}{\v{s}}},
  year={2012},
  school={Bankovn{\'\i} institut vysok{\'a} {\v{s}}kola}
}

@article{karagiannis2015survey,
  title={A survey on application layer protocols for the internet of things},
  author={Karagiannis, Vasileios and Chatzimisios, Periklis and Vazquez-Gallego, Francisco and Alonso-Zarate, Jesus},
  journal={Transaction on IoT and Cloud Computing},
  volume={3},
  number={1},
  pages={11--17},
  year={2015}
}

@article{sanner1999python,
  title={Python: a programming language for software integration and development},
  author={Sanner, Michel F and others},
  journal={J Mol Graph Model},
  volume={17},
  number={1},
  pages={57--61},
  year={1999}
}

@article{nurseitov2009comparison,
  title={Comparison of JSON and XML Data Interchange Formats: A Case Study.},
  author={Nurseitov, Nurzhan and Paulson, Michael and Reynolds, Randall and Izurieta, Clemente},
  journal={Caine},
  volume={2009},
  pages={157--162},
  year={2009}
}

@article{tilkov2010node,
  title={Node. js: Using JavaScript to build high-performance network programs},
  author={Tilkov, Stefan and Vinoski, Steve},
  journal={IEEE Internet Computing},
  volume={14},
  number={6},
  pages={80--83},
  year={2010},
  publisher={IEEE}
}

@book{lacko2017vyvoj,
  title={V{\`y}voj aplikac{\'\i} pro Android},
  author={Lacko, L'uboslav},
  year={2017},
  publisher={Computer Press, Albatros Media as}
}

@Misc{maly2016mqtt,
    title = "Protokol MQTT: komunikační standard pro IoT",
    author = "Malý, Martin",
    year = "2016",
    url = "https://www.root.cz/clanky/protokol-mqtt-komunikacni-standard-pro-iot/"
}
